% This file was created with JabRef 2.10.
% Encoding: Cp1252


@PhdThesis{BODI2008a,
  Title                    = {Preferential estimation},
  Author                   = {B{\'o}DIzS, Levente Csaba},
  School                   = {Ecole polytechnique f{\'e}d{\'e}rale de Lausanne},
  Year                     = {2008},

  Owner                    = {Shyam},
  Timestamp                = {2015.03.12}
}

@InProceedings{BASL1999a,
  Title                    = {Design of optimal gains for the proportional integral Kalman filter with application to single particle tracking},
  Author                   = {Bas, Omur Y and Shafai, Bahram and Linder, Stephen P},
  Booktitle                = {Decision and Control, 1999. Proceedings of the 38th IEEE Conference on},
  Year                     = {1999},
  Organization             = {IEEE},
  Pages                    = {4567--4571},
  Volume                   = {5},

  Owner                    = {Shyam},
  Timestamp                = {2014.05.13}
}

@InProceedings{BESH1990a,
  Title                    = {Loop transfer recovery via a proportional-integral observer},
  Author                   = {Beale, S and Shafai, B},
  Booktitle                = {Systems Engineering, 1990., IEEE International Conference on},
  Year                     = {1990},
  Organization             = {IEEE},
  Pages                    = {468--473},

  Owner                    = {Shyam},
  Timestamp                = {2014.05.13}
}

@Article{BESH1989a,
  Title                    = {Robust control system design with a proportional integral observer},
  Author                   = {Beale, S and Shafai, B},
  Journal                  = {International Journal of Control},
  Year                     = {1989},
  Number                   = {1},
  Pages                    = {97--111},
  Volume                   = {50},

  Owner                    = {Shyam},
  Publisher                = {Taylor \& Francis},
  Timestamp                = {2014.05.13}
}

@Article{BOSB2011a,
  Title                    = {On the design of integral observers for unbiased output estimation in the presence of uncertainty},
  Author                   = {Bodizs, L and Srinivasan, B and Bonvin, D},
  Journal                  = {Journal of Process Control},
  Year                     = {2011},
  Number                   = {3},
  Pages                    = {379--390},
  Volume                   = {21},

  Owner                    = {Shyam},
  Publisher                = {Elsevier},
  Timestamp                = {2014.05.13}
}

@Book{BROG1974a,
  Title                    = {Modern control theory},
  Author                   = {Brogan, William L},
  Publisher                = {Prentice-Hall Inc., NJ},
  Year                     = {1991},
  Edition                  = {3rd},

  Owner                    = {Shyam},
  Timestamp                = {2014.10.17}
}

@Article{BRYS1996a,
  Title                    = {Optimal control-1950 to 1985},
  Author                   = {Bryson Jr, Arthur E},
  Journal                  = {Control Systems, IEEE},
  Year                     = {1996},
  Number                   = {3},
  Pages                    = {26--33},
  Volume                   = {16},

  Owner                    = {Shyam},
  Publisher                = {IEEE},
  Timestamp                = {2014.10.17}
}

@Article{BRLU1970a,
  Title                    = {The synthesis of regulator logic using state-variable concepts},
  Author                   = {Bryson, Arthur E and Luenberger, David G},
  Journal                  = {Proceedings of the IEEE},
  Year                     = {1970},
  Number                   = {11},
  Pages                    = {1803--1811},
  Volume                   = {58},

  Owner                    = {Shyam},
  Publisher                = {IEEE},
  Timestamp                = {2014.05.13}
}

@InProceedings{BUKA2000a,
  Title                    = {On the design of integral and proportional integral observers},
  Author                   = {Busawon, KK and Kabore, Pousga},
  Booktitle                = {American Control Conference, 2000. Proceedings of the 2000},
  Year                     = {2000},
  Organization             = {IEEE},
  Pages                    = {3725--3729},
  Volume                   = {6},

  Owner                    = {Shyam},
  Timestamp                = {2014.05.13}
}

@Article{BUKA2001a,
  Title                    = {Disturbance attenuation using proportional integral observers},
  Author                   = {Busawon, Krishna K and Kabore, Pousga},
  Journal                  = {International Journal of Control},
  Year                     = {2001},
  Number                   = {6},
  Pages                    = {618--627},
  Volume                   = {74},

  Owner                    = {Shyam},
  Publisher                = {Taylor \& Francis},
  Timestamp                = {2014.05.13}
}

@Article{CHAN2006a,
  Title                    = {Applying discrete-time proportional integral observers for state and disturbance estimations},
  Author                   = {Chang, Jeang-Lin},
  Journal                  = {Automatic Control, IEEE Transactions on},
  Year                     = {2006},
  Number                   = {5},
  Pages                    = {814--818},
  Volume                   = {51},

  Owner                    = {Shyam},
  Publisher                = {IEEE},
  Timestamp                = {2014.05.13}
}

@InProceedings{DABN1992a,
  Title                    = {Observer design and sensor location in distributed parameter bioreactors},
  Author                   = {Damak, T and Babary, JP and Nihtila, MT},
  Booktitle                = {IFAC Dynamics and Control of Chemical Reactors (DYCORD '92)},
  Year                     = {1992},

  Address                  = {Maryland, USA},
  Pages                    = {87--92},
  Publisher                = {Pergamon Press},
  Series                   = {IFAC symposia series},

  Owner                    = {Shyam},
  Timestamp                = {2013.10.31}
}

@Article{DOST1979a,
  Title                    = {Robustness with observers},
  Author                   = {Doyle, John C and Stein, Guter},
  Journal                  = {IEEE Transactions on Automatic Control},
  Year                     = {1979},
  Number                   = {4},
  Pages                    = {607--611},
  Volume                   = {24},

  Owner                    = {Shyam},
  Timestamp                = {2014.05.13}
}

@Article{DULT2001a,
  Title                    = {Eigenstructure assignment design for proportional-integral observers: continuous-time case},
  Author                   = {Duan, GR and Liu, GP and Thompson, S},
  Journal                  = {IEE Proceedings-Control Theory and Applications},
  Year                     = {2001},
  Number                   = {3},
  Pages                    = {263--267},
  Volume                   = {148},

  Owner                    = {Shyam},
  Publisher                = {IET},
  Timestamp                = {2014.05.13}
}

@Book{dym2013linear,
  Title                    = {Linear algebra in action},
  Author                   = {Dym, Harry},
  Publisher                = {American Mathematical Society},
  Year                     = {2013},
  Volume                   = {78}
}

@Article{FRWO1976a,
  Title                    = {The internal model principle of control theory},
  Author                   = {Francis, Bruce A and Wonham, W Murray},
  Journal                  = {Automatica},
  Year                     = {1976},
  Number                   = {5},
  Pages                    = {457--465},
  Volume                   = {12},

  Owner                    = {Shyam},
  Publisher                = {Elsevier},
  Timestamp                = {2014.08.30}
}

@Book{golub2012matrix,
  Title                    = {Matrix computations},
  Author                   = {Golub, Gene H and Van Loan, Charles F},
  Publisher                = {JHU Press},
  Year                     = {2012},
  Volume                   = {3}
}

@Article{HASO1980a,
  Title                    = {An approach to detectability and observers},
  Author                   = {Hautus, MLJ and Sontag, Eduardo D},
  Journal                  = {Lectures in Applied Mathematics},
  Year                     = {1980},
  Pages                    = {99--135},
  Volume                   = {18},

  Owner                    = {Shyam},
  Timestamp                = {2014.08.22}
}

@Article{HOMU1992a,
  Title                    = {Design of observers for linear systems with unknown inputs},
  Author                   = {Hou, M{\"u}ller and Muller, PC},
  Journal                  = {Automatic Control, IEEE Transactions on},
  Year                     = {1992},
  Number                   = {6},
  Pages                    = {871--875},
  Volume                   = {37},

  Owner                    = {Shyam},
  Publisher                = {IEEE},
  Timestamp                = {2014.05.13}
}

@Article{KACZ1979a,
  Title                    = {Proportional-integral observers for linear multivariable time-varying systems},
  Author                   = {Kaczorek, T},
  Journal                  = {Regelungstechnik},
  Year                     = {1979},
  Pages                    = {359--362},
  Volume                   = {27},

  Owner                    = {Shyam},
  Timestamp                = {2014.05.14}
}

@Book{KAIL1980a,
  Title                    = {Linear Systems},
  Author                   = {Kailath, Thomas},
  Publisher                = {Prentice-Hall Inc., NJ},
  Year                     = {1980},

  Owner                    = {Shyam},
  Timestamp                = {2013.10.31}
}

@InProceedings{KISK1989a,
  Title                    = {Proportional integral estimator},
  Author                   = {Kim, K and Shafai, Bahram and Kappos, E},
  Booktitle                = {1989 Orlando Symposium},
  Year                     = {1989},
  Organization             = {International Society for Optics and Photonics},
  Pages                    = {187--208},

  Owner                    = {Shyam},
  Timestamp                = {2014.05.13}
}

@Book{KIAG2001a,
  Title                    = {Linear control systems: With solved problems and Matlab examples},
  Author                   = {Kisacanin, Branislav and Agarwal, Gyan C},
  Publisher                = {Springer},
  Year                     = {2001},

  Owner                    = {Shyam},
  Timestamp                = {2014.07.22}
}

@Book{laub2005matrix,
  Title                    = {Matrix analysis for scientists and engineers},
  Author                   = {Laub, Alan J},
  Publisher                = {SIAM},
  Year                     = {2005}
}

@Book{LEVI1996a,
  Title                    = {The control handbook},
  Author                   = {Levine, William S},
  Publisher                = {CRC press},
  Year                     = {1996},

  Owner                    = {Shyam},
  Timestamp                = {2014.10.17}
}

@Book{LEVS2012a,
  Title                    = {Optimal control},
  Author                   = {Lewis, Frank L and Vrabie, Draguna and Syrmos, Vassilis L},
  Publisher                = {John Wiley \& Sons},
  Year                     = {2012},

  Owner                    = {Shyam},
  Timestamp                = {2014.10.17}
}

@InProceedings{LISS1998a,
  Title                    = {Estimating and accommodating unknown actuator faults with PI observers},
  Author                   = {Linder, Stephen Paul and Shafai, B and Saif, M},
  Booktitle                = {Control Applications, 1998. Proceedings of the 1998 IEEE International Conference on},
  Year                     = {1998},
  Organization             = {IEEE},
  Pages                    = {461--465},
  Volume                   = {1},

  Owner                    = {Shyam},
  Timestamp                = {2014.05.13}
}

@Book{LJUN1998a,
  Title                    = {System identification},
  Author                   = {Ljung, Lennart},
  Editor                   = {Kailath, Thomas},
  Publisher                = {Springer},
  Year                     = {1998},
  Edition                  = {2nd},

  Owner                    = {Shyam},
  Timestamp                = {2014.03.03}
}

@Article{LUEN1971a,
  Title                    = {An introduction to observers},
  Author                   = {Luenberger, David G},
  Journal                  = {IEEE transactions on automatic control},
  Year                     = {1971},
  Number                   = {6},
  Pages                    = {596--602},
  Volume                   = {16},

  Owner                    = {Shyam},
  Timestamp                = {2014.07.01}
}

@Book{MGLP1993a,
  Title                    = {Model predictive control},
  Author                   = {Morari, Manfred and Garcia, CE and Lee, JH and Prett, DM},
  Publisher                = {Prentice Hall Englewood Cliffs, NJ},
  Year                     = {1993},

  Owner                    = {Shyam},
  Timestamp                = {2014.10.17}
}

@Article{MOST1980a,
  Title                    = {Minimizing unobservability in inferential control schemes},
  Author                   = {Morari, Manfred and Stephanopoulos, George},
  Journal                  = {International Journal of Control},
  Year                     = {1980},
  Number                   = {2},
  Pages                    = {367--377},
  Volume                   = {31},

  Owner                    = {Shyam},
  Publisher                = {Taylor \& Francis},
  Timestamp                = {2014.10.10}
}

@Article{MUBA2002a,
  Title                    = {Disturbance modeling for offset-free linear model predictive control},
  Author                   = {Muske, Kenneth R and Badgwell, Thomas A},
  Journal                  = {Journal of Process Control},
  Year                     = {2002},
  Number                   = {5},
  Pages                    = {617--632},
  Volume                   = {12},

  Owner                    = {Shyam},
  Publisher                = {Elsevier},
  Timestamp                = {2014.08.30}
}

@Article{NISS1991a,
  Title                    = {Loop transfer recovery for general observer architectures},
  Author                   = {Niemann, Hans Henrik and S{\o}gaard-Andersen, Per and Stoustrup, Jakob},
  Journal                  = {International Journal of Control},
  Year                     = {1991},
  Number                   = {5},
  Pages                    = {1177--1203},
  Volume                   = {53},

  Owner                    = {Shyam},
  Publisher                = {Taylor \& Francis},
  Timestamp                = {2014.05.13}
}

@InProceedings{NIST1992a,
  Title                    = {Proportional integral observer used in recovery design},
  Author                   = {Niemann, Hans Henrik and Stoustrup, Jakob},
  Booktitle                = {American Control Conference, 1992},
  Year                     = {1992},
  Organization             = {IEEE},
  Pages                    = {1009--1010},

  Owner                    = {Shyam},
  Timestamp                = {2014.05.13}
}

@InProceedings{NIST1992b,
  Title                    = {LQG design of discrete-time PI-observers},
  Author                   = {Niemann, Hans Henrik and Stoustrup, JAKOB},
  Booktitle                = {Decision and Control, 1992., Proceedings of the 31st IEEE Conference on},
  Year                     = {1992},
  Organization             = {IEEE},
  Pages                    = {1091--1093},

  Owner                    = {Shyam},
  Timestamp                = {2014.05.13}
}

@Article{NSSB1995a,
  Title                    = {LTR design of proportional-integral observers},
  Author                   = {Niemann, Hans Henrik and Stoustrup, Jakob and Shafai, B and Beale, S},
  Journal                  = {International Journal of Robust and Nonlinear Control},
  Year                     = {1995},
  Number                   = {7},
  Pages                    = {671--693},
  Volume                   = {5},

  Owner                    = {Shyam},
  Publisher                = {Wiley Online Library},
  Timestamp                = {2013.09.26}
}

@Book{OGAT1997a,
  Title                    = {Modern Control Engineering},
  Author                   = {Ogata, Katanhiko},
  Publisher                = {Prentice-Hall Inc., NJ},
  Year                     = {1997},

  Owner                    = {Shyam},
  Timestamp                = {2013.04.11}
}

@Article{PARA2003a,
  Title                    = {Disturbance models for offset-free model-predictive control},
  Author                   = {Pannocchia, Gabriele and Rawlings, James B},
  Journal                  = {AIChE Journal},
  Year                     = {2003},
  Number                   = {2},
  Pages                    = {426--437},
  Volume                   = {49},

  Owner                    = {Shyam},
  Publisher                = {Wiley Online Library},
  Timestamp                = {2014.08.30}
}

@InProceedings{PEMU2004a,
  Title                    = {State estimation in electro-hydraulic actuator using proportional integral observer},
  Author                   = {Perla, Ramesh and Mukhopadhyay, S},
  Booktitle                = {India Annual Conference, 2004. Proceedings of the IEEE INDICON 2004. First},
  Year                     = {2004},
  Organization             = {IEEE},
  Pages                    = {233--236},

  Owner                    = {Shyam},
  Timestamp                = {2014.05.13}
}

@Article{POOS2005a,
  Title                    = {Development and implementation of a high-performance sensor system for an industrial polymer reactor},
  Author                   = {Pottmann, Martin and Ogunnaike, Babatunde A and Schwaber, James S},
  Journal                  = {Industrial \& engineering chemistry research},
  Year                     = {2005},
  Number                   = {8},
  Pages                    = {2606--2620},
  Volume                   = {44},

  Owner                    = {Shyam},
  Publisher                = {ACS Publications},
  Timestamp                = {2015.03.12}
}

@Article{praagman2011column,
  Title                    = {Column compression and embedding of polynomial matrices},
  Author                   = {Praagman, C and Trentelman, H and Yoe, R Zavala},
  Journal                  = {Submitted for publication},
  Year                     = {2011}
}

@Article{SOYM1995a,
  Title                    = {State estimation of dynamical systems with nonlinearities by using proportional-integral observer},
  Author                   = {S{\"o}ffker, Dirk and Yu, Tie Jun and M{\"u}ller, Peter C},
  Journal                  = {International Journal of Systems Science},
  Year                     = {1995},
  Number                   = {9},
  Pages                    = {1571--1582},
  Volume                   = {26},

  Owner                    = {Shyam},
  Publisher                = {Taylor \& Francis},
  Timestamp                = {2013.09.26}
}

@Article{SAIF1993a,
  Title                    = {Reduced order proportional integral observer with application},
  Author                   = {Saif, Mehrdad},
  Journal                  = {Journal of guidance, control, and dynamics},
  Year                     = {1993},
  Number                   = {5},
  Pages                    = {985--988},
  Volume                   = {16},

  Owner                    = {Shyam},
  Timestamp                = {2014.05.13}
}

@InProceedings{SCHR2004a,
  Title                    = {PI-Observer-based Reconstruction of Effect-variables and Construction of characteristic Curves},
  Author                   = {van Schrick, Dirk},
  Booktitle                = {Control Conference, 2004. 5th Asian},
  Year                     = {2004},
  Organization             = {IEEE},
  Pages                    = {937--942},
  Volume                   = {2},

  Owner                    = {Shyam},
  Timestamp                = {2014.05.13}
}

@Book{SEMD2010a,
  Title                    = {Process dynamics and control},
  Author                   = {Seborg, Dale E and Edgar, Thomas F and Mellichamp, Duncan A and Doyle III, Francis J},
  Publisher                = {John Wiley \& Sons},
  Year                     = {2010},

  Owner                    = {Shyam},
  Timestamp                = {2014.08.12}
}

@Article{SBNS1996a,
  Title                    = {LTR design of discrete-time proportional-integral observers},
  Author                   = {Shafai, B and Beale, S and Niemann, HH and Stoustrup, JL},
  Journal                  = {Automatic Control, IEEE Transactions on},
  Year                     = {1996},
  Number                   = {7},
  Pages                    = {1056--1062},
  Volume                   = {41},

  Owner                    = {Shyam},
  Publisher                = {IEEE},
  Timestamp                = {2014.05.13}
}

@InProceedings{SHCA1985a,
  Title                    = {Design of proportional-integral observer for linear time-varying multivariable systems},
  Author                   = {Shafai, B and Carroll, RL},
  Booktitle                = {Decision and Control, 1985 24th IEEE Conference on},
  Year                     = {1985},
  Organization             = {IEEE},
  Pages                    = {597--599},
  Volume                   = {24},

  Owner                    = {Shyam},
  Timestamp                = {2014.05.13}
}

@InProceedings{SPBN2001a,
  Title                    = {A general purpose observer architecture with application to failure detection and isolation},
  Author                   = {Shafai, B and Pi, CT and Bas, O and Nork, S and Linder, SP},
  Booktitle                = {American Control Conference, 2001. Proceedings of the 2001},
  Year                     = {2001},
  Organization             = {IEEE},
  Pages                    = {1133--1138},
  Volume                   = {2},

  Owner                    = {Shyam},
  Timestamp                = {2014.05.13}
}

@InProceedings{SHPN2002a,
  Title                    = {Simultaneous disturbance attenuation and fault detection using proportional integral observers},
  Author                   = {Shafai, B and Pi, CT and Nork, S},
  Booktitle                = {American Control Conference, 2002. Proceedings of the 2002},
  Year                     = {2002},
  Organization             = {IEEE},
  Pages                    = {1647--1649},
  Volume                   = {2},

  Owner                    = {Shyam},
  Timestamp                = {2014.05.13}
}

@InProceedings{SPNL2002a,
  Title                    = {Proportional integral adaptive observer for parameter and disturbance estimations},
  Author                   = {Shafai, B and Pi, CT and Nork, S and Linder, SP},
  Booktitle                = {Decision and Control, 2002, Proceedings of the 41st IEEE Conference on},
  Year                     = {2002},
  Organization             = {IEEE},
  Pages                    = {4694--4699},
  Volume                   = {4},

  Owner                    = {Shyam},
  Timestamp                = {2014.05.13}
}

@Book{SIMO2006a,
  Title                    = {Optimal state estimation: Kalman, H infinity, and nonlinear approaches},
  Author                   = {Simon, Dan},
  Publisher                = {John Wiley \& Sons},
  Year                     = {2006},

  Owner                    = {Shyam},
  Timestamp                = {2014.07.18}
}

@Article{SMDA1972a,
  Title                    = {Design of industrial regulators. Integral feedback and feedforward control},
  Author                   = {Smith, HW and Davison, EJ},
  Year                     = {1972},
  Number                   = {8},
  Pages                    = {1210--1216},
  Volume                   = {119},

  Booktitle                = {Proceedings of the Institution of Electrical Engineers},
  Publisher                = {IET}
}

@Book{STRANG2006linear,
  Title                    = {Linear Algebra and its Applications},
  Author                   = {Strang, Gilbert},
  Publisher                = {Brooks-Cole Publishing},
  Year                     = {2006},
  Edition                  = {4th}
}

@Article{SUVE2009a,
  Title                    = {Optimal selection of sensors for state estimation in a reactive distillation process},
  Author                   = {Sumana, C and Venkateswarlu, Ch},
  Journal                  = {Journal of Process Control},
  Year                     = {2009},
  Number                   = {6},
  Pages                    = {1024--1035},
  Volume                   = {19},

  Owner                    = {Shyam},
  Publisher                = {Elsevier},
  Timestamp                = {2013.10.31}
}

@Article{VHBS2000a,
  Title                    = {Selection of optimal sensor position in a tubular reactor using robust degree of observability criteria},
  Author                   = {Van den Berg, FWJ and Hoefsloot, HCJ and Boelens, HFM and Smilde, AK},
  Journal                  = {Chemical Engineering Science},
  Year                     = {2000},
  Number                   = {4},
  Pages                    = {827--837},
  Volume                   = {55},

  Owner                    = {Shyam},
  Publisher                = {Elsevier},
  Timestamp                = {2013.10.31}
}

@Article{van1979computation,
  Title                    = {The computation of Kronecker's canonical form of a singular pencil},
  Author                   = {Van Dooren, Paul},
  Journal                  = {Linear Algebra and Its Applications},
  Year                     = {1979},
  Pages                    = {103--140},
  Volume                   = {27},

  Publisher                = {Elsevier}
}

@InProceedings{WATT2006a,
  Title                    = {Pivot-free block matrix inversion},
  Author                   = {Watt, Stephen M},
  Booktitle                = {Symbolic and Numeric Algorithms for Scientific Computing, 2006. SYNASC'06. Eighth International Symposium on},
  Year                     = {2006},
  Organization             = {IEEE},
  Pages                    = {151--155},

  Owner                    = {Shyam},
  Timestamp                = {2014.07.21}
}

@Book{WEIN1991a,
  Title                    = {Uncertain models and robust control},
  Author                   = {Weinmann, Alexander},
  Publisher                = {Springer},
  Year                     = {1991},

  Owner                    = {Shyam},
  Timestamp                = {2014.05.15}
}

@PhdThesis{WOJC1978a,
  Title                    = {Analysis and synthesis of proportional-integral observers for single-input-single-output time-invariant continuous systems},
  Author                   = {Wojciechowski, B},
  School                   = {Technical University of Gliwice, Poland},
  Year                     = {1978},

  Owner                    = {Shyam},
  Timestamp                = {2014.05.14}
}

@Article{WUDU2008a,
  Title                    = {Generalized PI observer design for linear systems},
  Author                   = {Wu, Ai-Guo and Duan, Guang-Ren},
  Journal                  = {IMA Journal of Mathematical Control and Information},
  Year                     = {2008},
  Number                   = {2},
  Pages                    = {239--250},
  Volume                   = {25},

  Owner                    = {Shyam},
  Publisher                = {IMA},
  Timestamp                = {2014.05.13}
}

@Article{ZASO2003a,
  Title                    = {A method of robust multi-rate state estimation},
  Author                   = {Zambare, Neeraj and Soroush, Masoud and Ogunnaike, Babatunde A},
  Journal                  = {Journal of Process Control},
  Year                     = {2003},
  Number                   = {4},
  Pages                    = {337--355},
  Volume                   = {13},

  Owner                    = {Shyam},
  Publisher                = {Elsevier},
  Timestamp                = {2014.05.13}
}

@comment{jabref-meta: selector_keywords:}

@comment{jabref-meta: selector_journal:}

@comment{jabref-meta: selector_publisher:}

@comment{jabref-meta: selector_author:}

@comment{jabref-meta: selector_review:}

